@book{RCoreTeam2018,
address = {Vienna, Austria},
author = {{R Core Team}},
publisher = {R Foundation for Statistical Computing},
title = {{R: a language and environment for statistical computing}},
year = {2018}
}

@Manual{,
    title = {httr: Tools for Working with URLs and HTTP},
    author = {Hadley Wickham},
    year = {2019},
    note = {R package version 1.4.1},
    url = {https://CRAN.R-project.org/package=httr},
}

@Article{,
    title = {The jsonlite Package: A Practical and Consistent Mapping Between JSON Data and R Objects},
    author = {Jeroen Ooms},
    journal = {arXiv:1403.2805 [stat.CO]},
    year = {2014},
    url = {https://arxiv.org/abs/1403.2805},
}

@Article{,
    author = {Hadley Wickham},
    title = {testthat: Get Started with Testing},
    journal = {The R Journal},
    year = {2011},
    volume = {3},
    pages = {5--10},
    url = {https://journal.r-project.org/archive/2011-1/RJournal_2011-1_Wickham.pdf},
}

@article{brandl2010sphinx,
  title={Sphinx documentation},
  author={Brandl, Georg},
  journal={URL http://sphinx-doc. org/sphinx. pdf},
  year={2010}
}

@article {SanchezReyes2019,
	author = {Sanchez Reyes, Luna L and O{\textquoteright}Meara, Brian C},
	title = {Datelife: leveraging databases and analytical tools to reveal the dated Tree of Life.},
	elocation-id = {782094},
	year = {2019},
	doi = {10.1101/782094},
	publisher = {Cold Spring Harbor Laboratory},
	URL = {https://www.biorxiv.org/content/early/2019/10/05/782094},
	eprint = {https://www.biorxiv.org/content/early/2019/10/05/782094.full.pdf},
	journal = {bioRxiv}
}
